@book{unualibro,
	author = {L. L. Zamenhof},
	title = {Dr. Esperanto's International Language},
	year = {1887}
}
@online{esperanto,
	author = {Svend Nielsen},
	title = {Per-country rates of Esperanto speakers},
	year = 2016,
	url = {https://svendvnielsen.wordpress.com/2016/12/10/percountry-rates-of-esperanto-speakers/},
}
@book{leverbeoubykh,
	author = {Georges Dum\'{e}zil and Tevfik Esen\c{c}},
	title = {Le verbe oubykh: \'{e}tudes descriptives et comparatives},
	date = {1975},
}
@book{ipahandbook,
	author = {International Phonetic Association},
	title = {Handbook of the International Phonetic Association},
	date = {1999},
}
@inbook{wals-1,
	address   = {Leipzig},
	author    = {Ian Maddieson},
	booktitle = {The World Atlas of Language Structures Online},
	editor    = {Matthew S. Dryer and Martin Haspelmath},
	publisher = {Max Planck Institute for Evolutionary Anthropology},
	title     = {Consonant Inventories},
	url       = {http://wals.info/chapter/1},
	year      = {2013}
}
@inbook{wals-2,
	address   = {Leipzig},
	author    = {Ian Maddieson},
	booktitle = {The World Atlas of Language Structures Online},
	editor    = {Matthew S. Dryer and Martin Haspelmath},
	publisher = {Max Planck Institute for Evolutionary Anthropology},
	title     = {Vowel Quality Inventories},
	url       = {http://wals.info/chapter/2},
	year      = {2013}
}
@inbook{wals-4,
	address   = {Leipzig},
	author    = {Ian Maddieson},
	booktitle = {The World Atlas of Language Structures Online},
	editor    = {Matthew S. Dryer and Martin Haspelmath},
	publisher = {Max Planck Institute for Evolutionary Anthropology},
	title     = {Voicing in Plosives and Fricatives},
	url       = {http://wals.info/chapter/4},
	year      = {2013}
}
@book{clements1985cv,
	title={CV Phonology: A Generative Theory of the Syllable},
	author={George Clements and Samuel Keyser},
	year={1985},
	publisher={MIT Press}
}
@book{burquest2006,
	title={Phonological analysis: a functional approach},
	publisher={SIL International},
	author={Donald Burquest},
	year={2006}
}
@online{glossaryoflinguisticterms,
	title = {Glossary of linguistic terms},
	date = {2003},
	url = {http://www-01.sil.org/linguistics/glossaryoflinguisticterms/WhatIsTheSonorityScale.htm},
	author={Eugene E. Loos and Susan Anderson and Dwight H. Day, Jr. and Paul C. Jordan and J. Douglas Wingate},
	publisher={SIL International}
}
@inbook{wals-14,
	address   = {Leipzig},
	author    = {Rob Goedemans and Harry van der Hulst},
	booktitle = {The World Atlas of Language Structures Online},
	editor    = {Matthew S. Dryer and Martin Haspelmath},
	publisher = {Max Planck Institute for Evolutionary Anthropology},
	title     = {Fixed Stress Locations},
	url       = {http://wals.info/chapter/14},
	year      = {2013}
}
@phdthesis{uzelac1971phonological,
	title={Phonological constraints in Serbo-Croatian syllable margins: and Markedness in generative phonology.--},
	author={Uzelac, Steven},
	year={1971},
	school={Simon Fraser University. Theses (Dept. of Modern Languages)}
}
@article{chomsky1968sound,
	title={The sound pattern of English.},
	author={Chomsky, Noam and Halle, Morris},
	year={1968},
	publisher={ERIC}
}
@book{gaj1830kratka,
	title={Kratka osnova horvatsko-slavenskoga pravopisanja, poleg modroljubneh, narodneh i prigospodarneh temeljov i zrokov},
	author={Gaj, Ljudevit},
	volume={1},
	year={1830},
	publisher={Cymelia Croatica, izdanja Me{\dj}unarodnog slavisti{\v{c}}kog centra SR Hrvatske}
}
@inbook{wals-81,
	address   = {Leipzig},
	author    = {Matthew S. Dryer},
	booktitle = {The World Atlas of Language Structures Online},
	editor    = {Matthew S. Dryer and Martin Haspelmath},
	publisher = {Max Planck Institute for Evolutionary Anthropology},
	title     = {Order of Subject, Object and Verb},
	url       = {http://wals.info/chapter/81},
	year      = {2013}
}
@article{miller1958370,
	title = {Length-frequency statistics for written English},
	journal = {Information and Control},
	volume = {1},
	number = {4},
	pages = {370 - 389},
	year = {1958},
	author = {G.A. Miller and E.B. Newman and E.A. Friedman},
}
@incollection{strauss2007word,
	title={Word length and word frequency},
	author={Strauss, Udo and Grzybek, Peter and Altmann, Gabriel},
	booktitle={Contributions to the science of text and language},
	pages={277--294},
	year={2007},
	publisher={Springer}
}
@article{bickel2008leipzig,
	title={The Leipzig Glossing Rules. Conventions for interlinear morpheme by morpheme glosses},
	author={Bickel, Balthasar and Comrie, Bernard and Haspelmath, Martin},
	journal={Revised version of February},
	year={2008}
}
@inbook{wals-84,
	address   = {Leipzig},
	author    = {Matthew S. Dryer and Orin D. Gensler},
	booktitle = {The World Atlas of Language Structures Online},
	editor    = {Matthew S. Dryer and Martin Haspelmath},
	publisher = {Max Planck Institute for Evolutionary Anthropology},
	title     = {Order of Object, Oblique, and Verb},
	url       = {http://wals.info/chapter/84},
	year      = {2013}
}
@inbook{wals-88,
	address   = {Leipzig},
	author    = {Matthew S. Dryer},
	booktitle = {The World Atlas of Language Structures Online},
	editor    = {Matthew S. Dryer and Martin Haspelmath},
	publisher = {Max Planck Institute for Evolutionary Anthropology},
	title     = {Order of Demonstrative and Noun},
	url       = {http://wals.info/chapter/88},
	year      = {2013}
}
@inbook{wals-87,
	address   = {Leipzig},
	author    = {Matthew S. Dryer},
	booktitle = {The World Atlas of Language Structures Online},
	editor    = {Matthew S. Dryer and Martin Haspelmath},
	publisher = {Max Planck Institute for Evolutionary Anthropology},
	title     = {Order of Adjective and Noun},
	url       = {http://wals.info/chapter/87},
	year      = {2013}
}
@book{crystal2011dictionary,
	title={Dictionary of linguistics and phonetics},
	author={Crystal, David},
	volume={30},
	year={2011},
	publisher={John Wiley \& Sons}
}
@online{gleb,
	author = {Alex Fink},
	title = {Random Phonology (gleb.cgi)},
	year = 2013,
	url = {http://000024.org/cgi-bin/gleb.cgi},
}
@inbook{wals-3,
	address   = {Leipzig},
	author    = {Ian Maddieson},
	booktitle = {The World Atlas of Language Structures Online},
	editor    = {Matthew S. Dryer and Martin Haspelmath},
	publisher = {Max Planck Institute for Evolutionary Anthropology},
	title     = {Consonant-Vowel Ratio},
	url       = {http://wals.info/chapter/3},
	year      = {2013}
}
@article{francopoulo2008language,
	title={Language resource management-Lexical markup framework (LMF)},
	author={Francopoulo, Gil and George, Monte},
	journal={ISO/TC},
	volume={37},
	year={2008}
}


